%% LaTeX2e file `proposal.bib'
%% generated by the `filecontents' environment
%% from source `proposal' on 2018/04/23.
%%

@online{CHIRTI,
title={Reflectance Transformation Imaging (RTI)l},
  url = {http://culturalheritageimaging.org/Technologies/RTI/},
  urldate = {2018-04-22}
}

@article{earl2011reflectance,
  title={Reflectance transformation imaging systems for ancient documentary artefacts},
  author={Earl, Graeme and Basford, Philip and Bischoff, AS and Bowman, Alan and Crowther, Charles and Hodgson, M and Martinez, K and Isaksen, Leif and Pagi, H and Piquette, KE and others},
  year={2011}
}

@online{bloomberg,
title={UK's oldest hand-written document 'at Roman London dig'},
  url = {https://www.bbc.co.uk/news/uk-england-london-36415563},
  urldate = {2018-04-22}
}

